@misc{1,
  author = {Techopedia},
  title = {{What is Input/Output}},
  howpublished = "\url{https://www.techopedia.com/definition/24931/input-output-io
/}",
  year = {2009}, 
  note = "[Online; accessed 15-May-2017]"
}

@ARTICLE{2, 
author={Jeff Robertson}, 
title={ULE: A Modern Scheduler for FreeBSD}, 
year={2015}, 
month={ }, 
volume={}, 
number={},  
ISSN={},}

@misc{3,
  author = {M. Jones},
  title = {{Inside the Linux 2.6 Completely Fair Scheduler}},
  howpublished = "\url{https://www.ibm.com/developerworks/library/l-completely-fair-scheduler /}",
  year = {2009}, 
  note = "[Online; accessed 15-May-2017]"
}

@misc{4,
  author = {Mark Russinovich},
  title = {{Understanding the Windows I/O Scheduler}},
  howpublished = "\url{https://www.microsoftpressstore.com/articles/article.aspx?p=2201309\&seqNum=3 /}",
  year = {2012}, 
  note = "[Online; accessed 15-May-2017]"
}
