@misc{1,
  author = {TutorialsPoint Staff},
  title = {{Operating System - Memory Management}},
  howpublished = "\url{https://www.tutorialspoint.com/operating\_system/os\_memory\_management.htm}",
  year = {2009}, 
  note = "[Online; accessed 4-June-2017]"
}

@misc{2,
  author = {Windows Staff},
  title = {{About Memory Management}},
  howpublished = "\url{https://msdn.microsoft.com/en-us/library/windows/desktop/aa366525(v=vs.85).aspx}",
  year = {2009}, 
  note = "[Online; accessed 4-June-2017]"
}

@misc{3,
  author = {FreeBSD Staff},
  title = {{Memory Management}},
  howpublished = "\url{https://www.freebsd.org/doc/en/books/design-44bsd/overview-memory-management.html}",
  year = {2009}, 
  note = "[Online; accessed 5-June-2017]"
}

@misc{4,
  author = {Linux Enthusiast},
  title = {{Memory Management in Linux}},
  howpublished = "\url{http://www.makelinux.net/ldd3/chp-15-sect-1}",
  year = {2009}, 
  note = "[Online; accessed 7-June-2017]"
}
